<record><leader>00000cas a2200000 a 4500</leader><controlfield tag="001">29216749</controlfield><controlfield tag="008">931029d19uu1964iluwr ne      0   a0eng c</controlfield><datafield ind1=" " ind2=" " tag="010"><subfield code="a">sn 93056104 </subfield></datafield><datafield ind1=" " ind2=" " tag="040"><subfield code="a">NVF</subfield><subfield code="b">eng</subfield><subfield code="c">NVF</subfield><subfield code="d">NVF</subfield><subfield code="d">OCLCF</subfield><subfield code="d">OCLCO</subfield></datafield><datafield ind1="1" ind2=" " tag="029"><subfield code="a">AU@</subfield><subfield code="b">000022274478</subfield></datafield><datafield ind1=" " ind2=" " tag="042"><subfield code="a">pcc</subfield></datafield><datafield ind1=" " ind2=" " tag="043"><subfield code="a">n-us-il</subfield></datafield><datafield ind1="0" ind2="4" tag="245"><subfield code="a">The Armington helper.</subfield></datafield><datafield ind1=" " ind2=" " tag="260"><subfield code="a">Armington, Ill. :</subfield><subfield code="b">Crihfield Brothers</subfield></datafield><datafield ind1=" " ind2=" " tag="300"><subfield code="a">v.</subfield></datafield><datafield ind1=" " ind2=" " tag="310"><subfield code="a">Weekly</subfield></datafield><datafield ind1="1" ind2=" " tag="362"><subfield code="a">Ceased in 1964.</subfield></datafield><datafield ind1=" " ind2=" " tag="580"><subfield code="a">Merged with: Atlanta Argus (Atlanta, Ill. : 1959), to form: Atlanta Argus and the Armington helper.</subfield></datafield><datafield ind1=" " ind2=" " tag="588"><subfield code="a">Description based on: Vol. 21, no. 35 (Aug. 28, 1931).</subfield></datafield><datafield ind1=" " ind2=" " tag="588"><subfield code="a">Latest issue consulted: Vol. 21, no. 35 (Aug. 28, 1931).</subfield></datafield><datafield ind1=" " ind2="0" tag="651"><subfield code="a">Armington (Ill.)</subfield><subfield code="v">Newspapers.</subfield></datafield><datafield ind1=" " ind2="7" tag="655"><subfield code="a">Newspapers.</subfield><subfield code="2">fast</subfield><subfield code="0">(OCoLC)fst01423814</subfield></datafield><datafield ind1=" " ind2="7" tag="651"><subfield code="a">Illinois</subfield><subfield code="z">Armington.</subfield><subfield code="2">fast</subfield><subfield code="0">(OCoLC)fst01273509</subfield></datafield><datafield ind1=" " ind2=" " tag="752"><subfield code="a">United States</subfield><subfield code="b">Illinois</subfield><subfield code="c">Tazewell</subfield><subfield code="d">Armington.</subfield></datafield><datafield ind1="1" ind2="7" tag="785"><subfield code="t">Atlanta Argus (Atlanta, Ill. : 1959)</subfield><subfield code="w">(DLC)sn 90054449</subfield><subfield code="w">(OCoLC)21437883</subfield></datafield><datafield ind1="1" ind2="7" tag="785"><subfield code="t">Atlanta Argus and the Armington helper</subfield><subfield code="w">(DLC)sn 90054454</subfield><subfield code="w">(OCoLC)21437804</subfield></datafield></record>